@article{AircraftSurveillanceFromSpace,
  author = {Jan Budroweit and Felix Eichstaedt and Toni Delovski},
  journal = {IEEE Microwave Magazine},
  pages = {pg.68 - pg.76},
  title = {Aircraft Surveillance From Space: The Future of Air Traffic Control?},
  month = {11},
  year = {2024}
}

@article{SpaceBasedADSBChangesFlying,
  author = {AirGuide Business},
  journal = {Pyramid Media Group, Inc},
  title = {How space-based ADS-B plane-tracking tech is changing flying across the North Atlantic.},
  month = {3},
  year = {2022}
}

@conference{SpaceBasedADSBPerformanceArchitectureAndMarket,
  author = {Karl Baker},
  title = {SPACE-BASED ADS-B: PERFORMANCE, ARCHITECTURE AND MARKET},
  organization = {Summit Space Corporation},
  address = {5075 Highbourne Lane, Centreville, VA 20120},
  pages = {pg.4G1-1 - pg.4G1-10},
  month = {4},
  year = {2019}
}

@conference{AireonSpaceBasedADSBPerformanceModel,
  author = {Dr. Michael A. Garcia and James Stafford and Dr.Jay Minnix and John Dolan},
  title = {AIREON SPACE BASED ADS-B PERFORMANCE MODEL},
  organization = {Integrated Communications Navigation and Surveillance (ICNS) Conference},
  pages = {pg.C2-1 - pg.C2-10},
  month = {4},
  year = {2015}
}

@article{fuelBurnPaper,
  author = {Jefry Yanto and Rhea P. Liem},
  journal = {Transportation Research Part D: Transport and Environment},
  number = {65},
  title = {Aircraft fuel burn performance study: A data-enhanced modeling approach},
  pages = {pg.574 - pg.595},
  year = {2018}
}

@software{Excel,
  author = {{Microsoft Corporation}},
  title = {{Microsoft Excel}},
  url = {https://office.microsoft.com/excel},
  version = {Microsoft Excel for Microsoft 365 MSO (Version 2410 Build 16.0.18129.20158) 64-bit},
  date = {2024},
}

@online{flightRadar,
    title = {How does ADS-B work?},
    month = 04,
    day = 23,
    year = 2024,
    organization = {Flightradar24},
    author = {Flightradar24},
    url = {https://www.youtube.com/watch?v=7K1xFb1REHU},
}

@misc{aireonQnA,
  author = {Emily Feliz},
  howpublished = {https://aireon.com/qa-dr-michael-garcia-director-systems-engineering-aireon/},
  title = {Q\&A with Dr. Michael Garcia, Director of Systems Engineering at Aireon},
  year = {2017}
}

@misc{fuelBurnDatabase,
  author = {{Bureau of Transportation Statistic (BTS)}},
  url = {https://www.transtats.bts.gov/DL_SelectFields.asp?Table_ID=294&DB_Short_Name=Air%20Carrier%20Financial},
  title = {Database Name: Air Carrier Financial: Schedule P-12(a)},
  year = {2018}
}

@misc{T2,
  author = {Terminal2Solutions},
  url = {https://t2s.aero/products/controller},
  title = {T2:Controller},
  year = {2024}
}

@misc{AvionixTech,
    author = {{Avionix Technologies}},
    title = {The difference between Radar and {ADS-B}},
    howpublished = {Avionix Technologies},
    year = {n.d.},
    url = {https://www.avionix-tech.com/blog/The-difference-between-Radar-and-ADS-B/}
}

@misc{SKYbrary,
    author = {{SKYbrary}},
    title = {North Atlantic operations - airspace},
    howpublished = {SKYbrary},
    year = {n.d.},
    url = {https://skybrary.aero/articles/north-atlantic-operations-airspace}
}

@misc{ForeFlight,
    author = {{ForeFlight}},
    title = {North Atlantic tracks},
    howpublished = {ForeFlight Blog},
    year = {n.d.},
    url = {https://ba.foreflight.com/blog/north-atlantic-tracks}
}

@article{OTS,
author = {Rodionova, Olga and Sbihi, Mohammed and Delahaye, Daniel and Mongeau, Marcel},
year = {2014},
month = {10},
pages = {2202-2212},
title = {North Atlantic Aircraft Trajectory Optimization},
volume = {15},
journal = {Intelligent Transportation Systems, IEEE Transactions on},
doi = {10.1109/TITS.2014.2312315}
}

@misc{Young2021,
  author       = {Jacob Young},
  title        = {NATS records first day with zero westbound North Atlantic tracks},
  year         = {2021},
  month        = mar,
  howpublished = {\url{https://nats.aero/blog/2021/03/nats-records-first-day-with-zero-westbound-north-atlantic-tracks/}},
}

@misc{ICAO2007,
  author       = {{International Civil Aviation Organization}},
  title        = {Guidance Material on Comparison of Surveillance Technologies (GMST)},
  year         = {2007},
  month        = sep,
  howpublished = {\url{https://www.icao.int/APAC/Documents/edocs/cns/gmst_technology.pdf}},
}

@misc{NaturalEarth,
  author       = {Patterson, Tom and Kelso, Nathaniel Vaughn},
  title        = {Natural Earth: Free vector and raster map data at 1:10m, 1:50m, and 1:110m scales},
  year         = {2009},
  howpublished = {\url{https://www.naturalearthdata.com/}},
  note         = {Accessed: March 2025}
}

@misc{QGIS,
  author       = {{QGIS Development Team}},
  title        = {QGIS Geographic Information System},
  year         = {2002},
  howpublished = {\url{https://qgis.org/}},
  note         = {Accessed: March 2025}
}

@misc{ICAO_FIR,
  author       = {{International Civil Aviation Organization}},
  title        = {ICAO Flight Information Regions (FIR) GIS Database},
  year         = {n.d.},
  howpublished = {\url{https://gis.icao.int/icaofir/}},
  note         = {Accessed: March 2025}
}

@misc{FAA_DEC,
  author       = {{Federal Aviation Administration}},
  title        = {Digital Enroute Charts (DEC)},
  year         = {n.d.},
  howpublished = {\url{https://www.faa.gov/air_traffic/flight_info/aeronav/productcatalog/digitalproducts/dec/}},
  note         = {Accessed: March 2025}
}

@misc{FAA_NAT,
  author       = {{Federal Aviation Administration}},
  title        = {North Atlantic Tracks (NAT) NOTAMs},
  year         = {n.d.},
  howpublished = {\url{https://www.notams.faa.gov/common/nat.html}},
  note         = {Accessed: March 2025}
}

@misc{FlightAwareAeroAPI,
  author       = {{FlightAware}},
  title        = {AeroAPI: Flight Tracking and Flight Status API},
  year         = {n.d.},
  howpublished = {\url{https://www.flightaware.com/commercial/aeroapi/}},
  note         = {Accessed: March 2025}
}

@misc{EUROCONTROLAircraftPerformance,
  author       = {{EUROCONTROL}},
  title        = {Aircraft Performance Database},
  year         = {n.d.},
  howpublished = {\url{https://contentzone.eurocontrol.int/aircraftperformance/details.aspx?}},
  note         = {Accessed: March 2025}
}
